<?xml version="1.0" encoding="UTF-8"?>
<record xmlns="http://www.loc.gov/MARC21/slim">
   <leader>01601cam a2200361ua 4500</leader>
   <controlfield tag="001">1601265</controlfield>
   <controlfield tag="008">941202 1993                      0 eng u</controlfield>
   <datafield tag="033" ind1=" " ind2=" ">
      <subfield code="a">940228</subfield>
      <subfield code="b">940228</subfield>
   </datafield>
   <datafield tag="035" ind1=" " ind2=" ">
      <subfield code="a">ocm70392853</subfield>
   </datafield>
   <datafield tag="040" ind1=" " ind2=" ">
      <subfield code="b">eng</subfield>
   </datafield>
   <datafield tag="090" ind1=" " ind2=" ">
      <subfield code="a">RA 645.37 A4 A451 1993</subfield>
      <subfield code="b">AEU</subfield>
   </datafield>
   <datafield tag="090" ind1=" " ind2=" ">
      <subfield code="a">RA 645.37 A4 A451 1993</subfield>
      <subfield code="b">AEHE</subfield>
   </datafield>
   <datafield tag="090" ind1="0" ind2=" ">
      <subfield code="a">GOV DOC CA2 AL H 93S25</subfield>
   </datafield>
   <datafield tag="110" ind1="1" ind2=" ">
      <subfield code="a">Alberta.</subfield>
      <subfield code="b">Alberta Health.</subfield>
      <subfield code="b">Self Managed Care Project Advisory Committee.</subfield>
   </datafield>
   <datafield tag="240" ind1="0" ind2="0">
      <subfield code="a">Self Managed Care Pilot Project evaluation :/ executive summary /[Self Managed Care Pilot Project Advisory Committee].</subfield>
   </datafield>
   <datafield tag="245" ind1="1" ind2="0">
      <subfield code="a">Self Managed Care Pilot Project evaluation : executive summary 1993</subfield>
      <subfield code="b">executive summary /</subfield>
      <subfield code="c">[Self Managed Care Pilot Project Advisory Committee].</subfield>
   </datafield>
   <datafield tag="260" ind1=" " ind2=" ">
      <subfield code="a">Edmonton, AB :</subfield>
      <subfield code="b">Alberta Health,</subfield>
      <subfield code="c">ca. 1993.</subfield>
   </datafield>
   <datafield tag="300" ind1=" " ind2=" ">
      <subfield code="a">19 p. ;</subfield>
      <subfield code="c">28 cm.</subfield>
   </datafield>
   <datafield tag="336" ind1=" " ind2=" ">
      <subfield code="a">text</subfield>
      <subfield code="b">txt</subfield>
      <subfield code="2">rdacontent</subfield>
   </datafield>
   <datafield tag="337" ind1=" " ind2=" ">
      <subfield code="a">unmediated</subfield>
      <subfield code="b">n</subfield>
      <subfield code="2">rdamedia</subfield>
   </datafield>
   <datafield tag="338" ind1=" " ind2=" ">
      <subfield code="a">volume</subfield>
      <subfield code="b">nc</subfield>
      <subfield code="2">rdacarrier</subfield>
   </datafield>
   <datafield tag="500" ind1=" " ind2=" ">
      <subfield code="a">Cover title. At head of title: Alberta's Home Care Program.</subfield>
   </datafield>
   <datafield tag="590" ind1=" " ind2=" ">
      <subfield code="a">UA copy donated by the Provincial Health Authorities of Alberta.</subfield>
   </datafield>
   <datafield tag="596" ind1=" " ind2=" ">
      <subfield code="a">2 38 42</subfield>
   </datafield>
   <datafield tag="650" ind1=" " ind2="0">
      <subfield code="a">Home care services</subfield>
      <subfield code="z">Alberta</subfield>
      <subfield code="x">Evaluation.</subfield>
   </datafield>
   <datafield tag="650" ind1=" " ind2="0">
      <subfield code="a">Older people</subfield>
      <subfield code="x">Care</subfield>
      <subfield code="z">Alberta.</subfield>
   </datafield>
   <datafield tag="650" ind1="0" ind2="0">
      <subfield code="a">Self Managed Care Pilot Project</subfield>
      <subfield code="x">Evaluation.</subfield>
   </datafield>
   <datafield tag="740" ind1="0" ind2=" ">
      <subfield code="a">Alberta's Home Care Program : Self Managed Care Pilot Project evaluation : executive summary.</subfield>
   </datafield>
   <datafield tag="926" ind1=" " ind2=" ">
      <subfield code="a">AGL_CAP</subfield>
      <subfield code="b">ON_SHELF</subfield>
      <subfield code="c">RA 645.37 A4 A451 1993</subfield>
      <subfield code="d">BOOK</subfield>
      <subfield code="f">1</subfield>
   </datafield>
   <datafield tag="926" ind1=" " ind2=" ">
      <subfield code="a">AGL_CAP</subfield>
      <subfield code="b">ARCHIVES</subfield>
      <subfield code="c">RA 645.37 A4 A451 1993</subfield>
      <subfield code="d">NO_LOAN</subfield>
      <subfield code="f">2</subfield>
   </datafield>
   <datafield tag="926" ind1=" " ind2=" ">
      <subfield code="a">UABARD</subfield>
      <subfield code="b">ON_SHELF</subfield>
      <subfield code="c">GOV DOC CA2 AL H 93S25</subfield>
      <subfield code="d">BOOK</subfield>
      <subfield code="f">1</subfield>
   </datafield>
   <datafield tag="926" ind1=" " ind2=" ">
      <subfield code="a">UAHLTHSC</subfield>
      <subfield code="b">ON_SHELF</subfield>
      <subfield code="c">RA 645.37 A4 A451 1993</subfield>
      <subfield code="d">BOOK</subfield>
      <subfield code="f">1</subfield>
   </datafield>
   <datafield tag="926" ind1=" " ind2=" ">
      <subfield code="a">UAHLTHSC</subfield>
      <subfield code="b">ON_SHELF</subfield>
      <subfield code="c">RA 645.37 A4 A451 1993</subfield>
      <subfield code="d">BOOK</subfield>
      <subfield code="f">2</subfield>
   </datafield>
   <datafield tag="926" ind1=" " ind2=" ">
      <subfield code="a">UAHLTHSC</subfield>
      <subfield code="b">ON_SHELF</subfield>
      <subfield code="c">RA 645.37 A4 A451 1993</subfield>
      <subfield code="d">BOOK</subfield>
      <subfield code="f">3</subfield>
   </datafield>
</record>
